<record><leader>00000cas a2200000 a 4500</leader><controlfield tag="001">9909917</controlfield><controlfield tag="008">830915d1841187ulauwr ne      0    0eng  </controlfield><datafield ind1=" " ind2=" " tag="010"><subfield code="a">sn 83016573 </subfield></datafield><datafield ind1=" " ind2=" " tag="040"><subfield code="a">DLC</subfield><subfield code="b">eng</subfield><subfield code="c">DLC</subfield><subfield code="d">NPY</subfield><subfield code="d">NPX</subfield><subfield code="d">NPH</subfield><subfield code="d">DLC</subfield><subfield code="d">LNP</subfield><subfield code="d">NVK</subfield><subfield code="d">CVF</subfield><subfield code="d">OCL</subfield><subfield code="d">OCLCQ</subfield><subfield code="d">OCLCF</subfield><subfield code="d">CRL</subfield><subfield code="d">OCLCO</subfield><subfield code="d">AQM</subfield></datafield><datafield ind1=" " ind2=" " tag="019"><subfield code="a">210437666</subfield></datafield><datafield ind1="1" ind2=" " tag="029"><subfield code="a">AU@</subfield><subfield code="b">000025838698</subfield></datafield><datafield ind1=" " ind2=" " tag="042"><subfield code="a">msc</subfield></datafield><datafield ind1=" " ind2=" " tag="043"><subfield code="a">n-us-la</subfield></datafield><datafield ind1="0" ind2="0" tag="050"><subfield code="a">Newspaper 8005</subfield></datafield><datafield ind1="0" ind2="4" tag="245"><subfield code="a">The Concordia intelligencer.</subfield></datafield><datafield ind1="1" ind2=" " tag="246"><subfield code="i">Published as:</subfield><subfield code="a">Concordia weekly intelligencer</subfield><subfield code="f">&lt;Dec. 4, 1841&gt;</subfield></datafield><datafield ind1=" " ind2=" " tag="260"><subfield code="a">Vidalia, Parish of Concordia, La. :</subfield><subfield code="b">C.S. Smith,</subfield><subfield code="c">1841-</subfield></datafield><datafield ind1=" " ind2=" " tag="300"><subfield code="a">volumes :</subfield><subfield code="b">illustrations ;</subfield><subfield code="c">58-60 cm.</subfield></datafield><datafield ind1=" " ind2=" " tag="310"><subfield code="a">Weekly</subfield></datafield><datafield ind1=" " ind2=" " tag="336"><subfield code="a">text</subfield><subfield code="b">txt</subfield><subfield code="2">rdacontent</subfield></datafield><datafield ind1=" " ind2=" " tag="337"><subfield code="a">unmediated</subfield><subfield code="b">n</subfield><subfield code="2">rdamedia</subfield></datafield><datafield ind1=" " ind2=" " tag="338"><subfield code="a">volume</subfield><subfield code="b">nc</subfield><subfield code="2">rdacarrier</subfield></datafield><datafield ind1="0" ind2=" " tag="362"><subfield code="a">Vol. 1, no. 1 (June 16, 1841)-</subfield></datafield><datafield ind1=" " ind2=" " tag="500"><subfield code="a">Publishers: Patterson &amp; Thorpe, &lt;1844&gt;-1845; Robert Patterson, 1845-1846; Mary Patterson, 1846-1847; James Edward, 1847-1850; Zebulon York, 1850-1851; John L. Cochran, 1851; John L. Cochran, G.B.N. Wailes, 1851-1852; John L. Cochran, 1852; Cochran &amp; Eisely, 1852; W.F. Eisely &amp; Co., 1852-1853; Eisely &amp; McDowell, 1853-&lt;1855&gt;; John McDowell, &lt;1860&gt;.</subfield></datafield><datafield ind1=" " ind2=" " tag="500"><subfield code="a">Editors: Robert Patterson &amp; T.B. Thorpe, &lt;1844&gt;-1845; Robert Patterson, 1845-1846; James Edward, 1846-1850; Zebulon York, 1850-1851; G.B.N. Wailes, &lt;1851&gt;.</subfield></datafield><datafield ind1=" " ind2="0" tag="651"><subfield code="a">Vidalia (La.)</subfield><subfield code="v">Newspapers.</subfield></datafield><datafield ind1=" " ind2="7" tag="651"><subfield code="a">Louisiana</subfield><subfield code="z">Vidalia.</subfield><subfield code="2">fast</subfield><subfield code="0">(OCoLC)fst01218423</subfield></datafield><datafield ind1=" " ind2="7" tag="655"><subfield code="a">Newspapers.</subfield><subfield code="2">fast</subfield><subfield code="0">(OCoLC)fst01423814</subfield></datafield><datafield ind1=" " ind2="7" tag="655"><subfield code="a">Newspapers.</subfield><subfield code="2">rbgenr</subfield></datafield><datafield ind1=" " ind2=" " tag="752"><subfield code="a">United States</subfield><subfield code="b">Louisiana</subfield><subfield code="c">Concordia</subfield><subfield code="d">Vidalia.</subfield></datafield><datafield ind1="0" ind2="8" tag="776"><subfield code="i">Online version:</subfield><subfield code="t">Concordia intelligencer</subfield><subfield code="w">(OCoLC)904808455</subfield></datafield></record>